<record><leader>00000cas a22000007a 4500</leader><controlfield tag="001">11516714</controlfield><controlfield tag="008">841220d19381969inudr ne      0    0eng d</controlfield><datafield ind1=" " ind2=" " tag="010"><subfield code="a">sn 84045590 </subfield></datafield><datafield ind1=" " ind2=" " tag="040"><subfield code="a">NPI</subfield><subfield code="b">eng</subfield><subfield code="c">NPI</subfield><subfield code="d">OCLCQ</subfield></datafield><datafield ind1=" " ind2=" " tag="042"><subfield code="a">msc</subfield></datafield><datafield ind1="0" ind2="4" tag="245"><subfield code="a">The Edinburg daily courier.</subfield></datafield><datafield ind1=" " ind2=" " tag="260"><subfield code="a">Edinburg, Ind. :</subfield><subfield code="b">Home News Enterprises,</subfield><subfield code="c">1938-1969.</subfield></datafield><datafield ind1=" " ind2=" " tag="300"><subfield code="a">v. :</subfield><subfield code="b">ill. ;</subfield><subfield code="c">59 cm.</subfield></datafield><datafield ind1=" " ind2=" " tag="310"><subfield code="a">Daily</subfield></datafield><datafield ind1="0" ind2=" " tag="362"><subfield code="a">Vol. 48, no. 35 (Aug. 9, 1938)-v. 95, no. 137 (Dec. 15, 1969).</subfield></datafield><datafield ind1=" " ind2=" " tag="500"><subfield code="a">Editors: 1938-1945, H.A. Allison; 1945-1966, Francis Otto; 1966-1969, M.L. Wittenberger.</subfield></datafield><datafield ind1=" " ind2=" " tag="500"><subfield code="a">"Republican."</subfield></datafield><datafield ind1=" " ind2=" " tag="515"><subfield code="a">Issue for June 30, 1941 was numbered Vol. 50, no. 285; issue for July 1, 1941 was numbered Vol. 66, no. 1.</subfield></datafield><datafield ind1=" " ind2=" " tag="752"><subfield code="a">United States</subfield><subfield code="b">Indiana</subfield><subfield code="c">Johnson</subfield><subfield code="d">Edinburgh.</subfield></datafield><datafield ind1="0" ind2="0" tag="780"><subfield code="t">Edinburg courier (Edinburgh, Ind. : Daily)</subfield><subfield code="w">(DLC)sn 84045589</subfield></datafield><datafield ind1="1" ind2=" " tag="029"><subfield code="a">AU@</subfield><subfield code="b">000025832701</subfield></datafield></record>